{
	"leader":"02075cas  22005055a 4500",
	"fields":
	[
		{
			"001":"  2005336282"
		},
		{
			"003":"DLC"
		},
		{
			"005":"20070911033614.0"
		},
		{
			"008":"070910c20059999mr uu p      f0    0ara  "
		},
		{
			"010":
			{
				"subfields":
				[
					{
						"a":"  2005336282"
					}
				],
				"ind1":" ",
				"ind2":" "
			}

		},
		{
			"012":
			{
				"subfields":
				[
					{
						"a":"-3-7-0709110002-p-----    "
					}
				],
				"ind1":" ",
				"ind2":" "
			}

		},
		{
			"035":
			{
				"subfields":
				[
					{
						"a":"(OCoLC)170490164"
					}
				],
				"ind1":" ",
				"ind2":" "
			}

		},
		{
			"906":
			{
				"subfields":
				[
					{
						"a":"7"
					},
					{
						"b":"und"
					},
					{
						"c":"serials"
					},
					{
						"d":"u"
					},
					{
						"e":"ncip"
					},
					{
						"f":"19"
					},
					{
						"g":"n-oclcserc"
					}
				],
				"ind1":" ",
				"ind2":" "
			}

		},
		{
			"040":
			{
				"subfields":
				[
					{
						"a":"DLC"
					},
					{
						"c":"DLC"
					},
					{
						"d":"DLC"
					}
				],
				"ind1":" ",
				"ind2":" "
			}

		},
		{
			"041":
			{
				"subfields":
				[
					{
						"a":"ara"
					},
					{
						"a":"fre"
					}
				],
				"ind1":"0",
				"ind2":" "
			}

		},
		{
			"042":
			{
				"subfields":
				[
					{
						"a":"lc"
					}
				],
				"ind1":" ",
				"ind2":" "
			}

		},
		{
			"043":
			{
				"subfields":
				[
					{
						"a":"f-mr---"
					}
				],
				"ind1":" ",
				"ind2":" "
			}

		},
		{
			"050":
			{
				"subfields":
				[
					{
						"a":"IN PROCESS"
					}
				],
				"ind1":"0",
				"ind2":"0"
			}

		},
		{
			"066":
			{
				"subfields":
				[
					{
						"c":"(3"
					}
				],
				"ind1":" ",
				"ind2":" "
			}

		},
		{
			"245":
			{
				"subfields":
				[
					{
						"6":"880-01"
					},
					{
						"a":"Qaḍāʼ al-usrah :"
					},
					{
						"b":"majallah mutakhaṣṣiṣah /"
					},
					{
						"c":"Wizārat al-ʻAdl."
					}
				],
				"ind1":"0",
				"ind2":"0"
			}

		},
		{
			"246":
			{
				"subfields":
				[
					{
						"a":"Justice de la famille"
					}
				],
				"ind1":"1",
				"ind2":"3"
			}

		},
		{
			"246":
			{
				"subfields":
				[
					{
						"6":"880-02"
					},
					{
						"a":"Majallat Qaḍāʼ al-usrah"
					},
					{
						"f":"<2006>"
					}
				],
				"ind1":"1",
				"ind2":"3"
			}

		},
		{
			"260":
			{
				"subfields":
				[
					{
						"6":"880-03"
					},
					{
						"a":"al-Rabāṭ :"
					},
					{
						"b":"Jamʻīyat Nashr al-Maʻlūmah al-Qānūnīyah wa-al-Qaḍāʼīyah,"
					},
					{
						"c":"2005-"
					}
				],
				"ind1":" ",
				"ind2":" "
			}

		},
		{
			"300":
			{
				"subfields":
				[
					{
						"a":"v. :"
					},
					{
						"b":"ill. ;"
					},
					{
						"c":"24 cm."
					}
				],
				"ind1":" ",
				"ind2":" "
			}

		},
		{
			"310":
			{
				"subfields":
				[
					{
						"a":"Irregular (semiannual)"
					}
				],
				"ind1":" ",
				"ind2":" "
			}

		},
		{
			"362":
			{
				"subfields":
				[
					{
						"6":"880-04"
					},
					{
						"a":"al-ʻAdad 1. (Yūlyūz 2005)-"
					}
				],
				"ind1":"0",
				"ind2":" "
			}

		},
		{
			"490":
			{
				"subfields":
				[
					{
						"6":"880-05"
					},
					{
						"a":"Manshūrāt Jamʻīyat Nashr al-Maʻlūmah al-Qānūnīyah wa-al-Qaḍāʼīyah"
					}
				],
				"ind1":"0",
				"ind2":" "
			}

		},
		{
			"500":
			{
				"subfields":
				[
					{
						"a":"Some issues have also a distinctive title."
					}
				],
				"ind1":" ",
				"ind2":" "
			}

		},
		{
			"500":
			{
				"subfields":
				[
					{
						"a":"Latest issue consulted: al-ʻAdad 3. (Dujanbir 2006)."
					}
				],
				"ind1":" ",
				"ind2":" "
			}

		},
		{
			"546":
			{
				"subfields":
				[
					{
						"a":"Chiefly in Arabic; some French."
					}
				],
				"ind1":" ",
				"ind2":" "
			}

		},
		{
			"650":
			{
				"subfields":
				[
					{
						"a":"Domestic relations (Islamic law)"
					},
					{
						"z":"Morocco."
					}
				],
				"ind1":" ",
				"ind2":"0"
			}

		},
		{
			"650":
			{
				"subfields":
				[
					{
						"a":"Divorce (Islamic law)"
					}
				],
				"ind1":" ",
				"ind2":"0"
			}

		},
		{
			"650":
			{
				"subfields":
				[
					{
						"a":"Marriage law"
					},
					{
						"z":"Morocco."
					}
				],
				"ind1":" ",
				"ind2":"0"
			}

		},
		{
			"650":
			{
				"subfields":
				[
					{
						"a":"Law reports, digests, etc."
					},
					{
						"z":"Morocco."
					}
				],
				"ind1":" ",
				"ind2":"0"
			}

		},
		{
			"710":
			{
				"subfields":
				[
					{
						"6":"880-06"
					},
					{
						"a":"Jamʻīyat Nashr al-Maʻlūmah al-Qānūnīyah wa-al-Qaḍāʼīyah."
					}
				],
				"ind1":"2",
				"ind2":" "
			}

		},
		{
			"710":
			{
				"subfields":
				[
					{
						"6":"880-07"
					},
					{
						"a":"Morocco."
					},
					{
						"b":"Wizārat al-ʻAdl."
					}
				],
				"ind1":"1",
				"ind2":" "
			}

		},
		{
			"850":
			{
				"subfields":
				[
					{
						"a":"DLC"
					}
				],
				"ind1":" ",
				"ind2":" "
			}

		},
		{
			"880":
			{
				"subfields":
				[
					{
						"6":"245-01/(3/r"
					},
					{
						"a":"قضاء الأسرة :"
					},
					{
						"b":"مجلة متخصصة /"
					},
					{
						"c":"وزارة العدل."
					}
				],
				"ind1":"0",
				"ind2":"0"
			}

		},
		{
			"880":
			{
				"subfields":
				[
					{
						"6":"246-02/(3/r"
					},
					{
						"a":"مجلة قضاء الأسرة"
					},
					{
						"f":"<2006>"
					}
				],
				"ind1":"1",
				"ind2":"3"
			}

		},
		{
			"880":
			{
				"subfields":
				[
					{
						"6":"260-03/(3/r"
					},
					{
						"a":"الرباط :"
					},
					{
						"b":"جمعية نشر المعلومة القانونية والقضائية،"
					},
					{
						"c":"2005-"
					}
				],
				"ind1":" ",
				"ind2":" "
			}

		},
		{
			"880":
			{
				"subfields":
				[
					{
						"6":"362-04/(3/r"
					},
					{
						"a":"العدد 1. (يوليوز 2005)-"
					}
				],
				"ind1":"0",
				"ind2":" "
			}

		},
		{
			"880":
			{
				"subfields":
				[
					{
						"6":"490-05/(3/r"
					},
					{
						"a":"منشورات جمعية نشر المعلومة القانونية والقضائية"
					}
				],
				"ind1":"0",
				"ind2":" "
			}

		},
		{
			"880":
			{
				"subfields":
				[
					{
						"6":"710-06/(3/r"
					},
					{
						"a":"جمعية نشر المعلومة القانونية والقضائية."
					}
				],
				"ind1":"2",
				"ind2":" "
			}

		},
		{
			"880":
			{
				"subfields":
				[
					{
						"6":"710-07/(3/r"
					},
					{
						"a":"Morocco."
					},
					{
						"b":"وزارة العدل."
					}
				],
				"ind1":"1",
				"ind2":" "
			}

		},
		{
			"936":
			{
				"subfields":
				[
					{
						"a":"LC Cairo Office [we 45]"
					}
				],
				"ind1":" ",
				"ind2":" "
			}

		}
	]
}
